<?xml version="1.0" encoding="utf-8"?>
<record xmlns="http://www.loc.gov/MARC21/slim" xmlns:xsi="http://www.w3.org/2001/XMLSchema-instance" xsi:schemaLocation="http://www.loc.gov/MARC21/slim http://www.loc.gov/standards/marcxml/schema/MARC21slim.xsd">
	<leader>     nam a22     Mi 4500</leader>
	<controlfield tag="001">613344</controlfield>
	<controlfield tag="003">NjP</controlfield>
	<controlfield tag="006">m        d        </controlfield>
	<controlfield tag="007">cr cn |||m|||a</controlfield>
	<controlfield tag="008">200430s1987    ir h    obi   001 0 perr </controlfield>
	<datafield ind1=" " ind2=" " tag="040">
		<subfield code="a">ZYU</subfield>
		<subfield code="b">ara</subfield>
		<subfield code="e">rda</subfield>
		<subfield code="c">ZYU</subfield>
	</datafield>
	<datafield ind1="0" ind2=" " tag="041">
		<subfield code="a">ara</subfield>
		<subfield code="a">per</subfield>
	</datafield>
	<datafield ind1="0" ind2="0" tag="050">
		<subfield code="a">BP133</subfield>
		<subfield code="b">.R84 1987</subfield>
	</datafield>
	<datafield ind1="1" ind2=" " tag="100">
		<subfield code="6">880-01</subfield>
		<subfield code="a">Rūḥānī, Maḥmūd,</subfield>
		<subfield code="d">1936 or 1937-</subfield>
	</datafield>
	<datafield ind1="1" ind2="3" tag="245">
		<subfield code="6">880-02</subfield>
		<subfield code="a">al-Muʻjam al-iḥṣāʼī li-alfāẓ al-Qurʼān al-Karīm =</subfield>
		<subfield code="b">Farhang-i āmārī-i kalimāt-i Qurʼān-i Karīm /</subfield>
		<subfield code="c">taʼlīf va taḥqīq-i Maḥmūd Rūḥānī.</subfield>
	</datafield>
	<datafield ind1="3" ind2=" " tag="246">
		<subfield code="6">880-03</subfield>
		<subfield code="a">Farhang-i āmārī-i kalimāt-i Qurʼān-i Karīm</subfield>
	</datafield>
	<datafield ind1=" " ind2=" " tag="250">
		<subfield code="6">880-04</subfield>
		<subfield code="a">Chap̄-i 1.</subfield>
	</datafield>
	<datafield ind1=" " ind2=" " tag="260">
		<subfield code="6">880-05</subfield>
		<subfield code="a">Mashhad :</subfield>
		<subfield code="b">Muʼassasah-ʼi Chāp va Intishārāt-i Āstān-i Quds-i Raz̤avī,</subfield>
		<subfield code="c">1987-1990.</subfield>
	</datafield>
	<datafield ind1=" " ind2=" " tag="300">
		<subfield code="a">online resource (3 volumes) :</subfield>
		<subfield code="b">facsimiles</subfield>
	</datafield>
	<datafield ind1=" " ind2=" " tag="336">
		<subfield code="a">text</subfield>
		<subfield code="2">rdacontent</subfield>
	</datafield>
	<datafield ind1=" " ind2=" " tag="337">
		<subfield code="a">computer</subfield>
		<subfield code="2">rdamedia</subfield>
	</datafield>
	<datafield ind1=" " ind2=" " tag="338">
		<subfield code="a">online resource</subfield>
		<subfield code="2">rdacarrier</subfield>
	</datafield>
	<datafield ind1="1" ind2=" " tag="490">
		<subfield code="6">880-06</subfield>
		<subfield code="a">Muʼassasah-i Chāp va Intishārāt-i Āstān-i Quds-i Raz̤avī ;</subfield>
		<subfield code="v">21</subfield>
	</datafield>
	<datafield ind1=" " ind2=" " tag="500">
		<subfield code="a">Persian and Arabic; preface in English.</subfield>
	</datafield>
	<datafield ind1=" " ind2=" " tag="500">
		<subfield code="a">Title on added t.p.: A statistical dictionary of Quranic words.</subfield>
	</datafield>
	<datafield ind1=" " ind2=" " tag="500">
		<subfield code="a">&quot;Muʼassasah-ʼi Chāp va Intishārāt-i Āstān-i Quds-i Raz̤avī, 41&quot;--Title page verso.</subfield>
	</datafield>
	<datafield ind1=" " ind2=" " tag="500">
		<subfield code="a">Part of the Arabic Collections Online (ACO) project, contributed by Princeton University Libraries.</subfield>
	</datafield>
	<datafield ind1=" " ind2=" " tag="504">
		<subfield code="a">Includes bibliographical references (v. 1., pages 691-702) and indexes.</subfield>
	</datafield>
	<datafield ind1="0" ind2=" " tag="505">
		<subfield code="6">880-07</subfield>
		<subfield code="a">al-mujallad 1. al-Madkhal -- al-mujallad 2. Min al-hamzah ilá al-sīn -- al-mujallad 3. Min al-shīn ilá al-yāʼ.</subfield>
	</datafield>
	<datafield ind1=" " ind2=" " tag="533">
		<subfield code="a">Electronic reproduction.</subfield>
		<subfield code="b">New York, N.Y. :</subfield>
		<subfield code="c">New York University,</subfield>
		<subfield code="d">2020.</subfield>
		<subfield code="5">NNU</subfield>
	</datafield>
	<datafield ind1="0" ind2="0" tag="630">
		<subfield code="a">Qurʼan</subfield>
		<subfield code="v">Concordances.</subfield>
	</datafield>
	<datafield ind1=" " ind2="0" tag="650">
		<subfield code="a">Arabic language</subfield>
		<subfield code="x">Word frequency.</subfield>
	</datafield>
	<datafield ind1="0" ind2="7" tag="630">
		<subfield code="a">Qurʼan.</subfield>
		<subfield code="2">fast</subfield>
		<subfield code="0">(OCoLC)fst01842877</subfield>
	</datafield>
	<datafield ind1=" " ind2="7" tag="650">
		<subfield code="a">Arabic language</subfield>
		<subfield code="x">Word frequency.</subfield>
		<subfield code="2">fast</subfield>
		<subfield code="0">(OCoLC)fst00812467</subfield>
	</datafield>
	<datafield ind1=" " ind2="7" tag="655">
		<subfield code="a">Concordances.</subfield>
		<subfield code="2">fast</subfield>
		<subfield code="0">(OCoLC)fst01423768</subfield>
	</datafield>
	<datafield ind1="2" ind2=" " tag="710">
		<subfield code="a">Princeton University.</subfield>
		<subfield code="b">Library.</subfield>
	</datafield>
	<datafield ind1="0" ind2=" " tag="730">
		<subfield code="a">Arabic Collections Online.</subfield>
	</datafield>
	<datafield ind1="0" ind2=" " tag="740">
		<subfield code="a">Statistical dictionary of Quranic words.</subfield>
	</datafield>
	<datafield ind1="0" ind2="8" tag="776">
		<subfield code="i">Print version:</subfield>
		<subfield code="a">Rūḥānī, Maḥmūd, 1936 or 1937-</subfield>
		<subfield code="t">al-Muʻjam al-iḥṣāʼī li-alfāẓ al-Qurʼān al-Karīm =</subfield>
		<subfield code="w">(NjP)613344</subfield>
		<subfield code="w">(DLC)   90933127 </subfield>
		<subfield code="w">(OCoLC)22642420</subfield>
	</datafield>
	<datafield ind1=" " ind2="0" tag="830">
		<subfield code="6">880-08</subfield>
		<subfield code="a">Muʼassasah-i Chāp va Intishārāt-i Āstān-i Quds-i Raz̤avī ;</subfield>
		<subfield code="v">21.</subfield>
	</datafield>
	<datafield ind1="4" ind2="0" tag="856">
		<subfield code="u">http://hdl.handle.net/2333.1/6djhb5pb</subfield>
	</datafield>
	<datafield ind1="1" ind2=" " tag="880">
		<subfield code="6">100-01</subfield>
		<subfield code="a">روحاني، محمود،</subfield>
		<subfield code="d">1936 or 1937-</subfield>
	</datafield>
	<datafield ind1="1" ind2="2" tag="880">
		<subfield code="6">245-02</subfield>
		<subfield code="a">المعجم الاحصائي لألفاظ القران الكريم =</subfield>
		<subfield code="b">فرهنك ٱمارى كلمات قرٱن كريم /</subfield>
		<subfield code="c">تأليف وتحقيق محمود روحانى.</subfield>
	</datafield>
	<datafield ind1="3" ind2=" " tag="880">
		<subfield code="6">246-03</subfield>
		<subfield code="a">فرهنك ٱمارى كلمات قرٱن كريم</subfield>
	</datafield>
	<datafield ind1=" " ind2=" " tag="880">
		<subfield code="6">250-04</subfield>
		<subfield code="a">چاپ ١.</subfield>
	</datafield>
	<datafield ind1=" " ind2=" " tag="880">
		<subfield code="6">260-05</subfield>
		<subfield code="a">مشهد :</subfield>
		<subfield code="b">مؤسسة چاپ وانتشارات استان قدس رضوى،</subfield>
		<subfield code="c">1987-1990.</subfield>
	</datafield>
	<datafield ind1="1" ind2=" " tag="880">
		<subfield code="6">490-06</subfield>
		<subfield code="a">مؤسسه چاپ و انتشارات آستان قدس رضوى ؛</subfield>
		<subfield code="v">21</subfield>
	</datafield>
	<datafield ind1="0" ind2=" " tag="880">
		<subfield code="6">505-07</subfield>
		<subfield code="a">المجلد ١. المدخل -- المجلد ٢. من الهمزة ٳلى السين -- المجلد ٣. من الشين الى الياء.</subfield>
	</datafield>
	<datafield ind1=" " ind2="0" tag="880">
		<subfield code="6">830-08</subfield>
		<subfield code="a">مؤسسه چاپ و انتشارات آستان قدس رضوى ؛</subfield>
		<subfield code="v">21.</subfield>
	</datafield>
	<datafield ind1=" " ind2=" " tag="959">
		<subfield code="a">NNU</subfield>
		<subfield code="b">WEB</subfield>
		<subfield code="c">GENI</subfield>
		<subfield code="t">0</subfield>
		<subfield code="m">Electronic access</subfield>
		<subfield code="s">01</subfield>
	</datafield>
	<datafield ind1=" " ind2=" " tag="999">
		<subfield code="i">NjP_613344</subfield>
		<subfield code="o">(OCoLC)ocm22642420</subfield>
		<subfield code="s">princeton_aco002905:mujallad 1</subfield>
		<subfield code="s">princeton_aco004005:mujallad 2</subfield>
		<subfield code="s">princeton_aco002913:mujallad 3</subfield>
		<subfield code="e">(ERROR-880)</subfield>
		<subfield code="s">princeton_aco002905:mujallad 1</subfield>
		<subfield code="s">princeton_aco004005:mujallad 2</subfield>
		<subfield code="s">princeton_aco002913:mujallad 3</subfield>
	</datafield>
</record>
